@Book{lamport,
  author =	 {L[eslie] Lamport},
  title = 	 {{\LaTeX: A} Document Preparation System},
  publisher = 	 {Addison-Wesley},
  year = 	 1994
}

@Book{kopka,
  author =	 {H[elmut] Kopka and P[atrick] W[] Daly},
  title = 	 {Guide to {\LaTeX}},
  publisher = 	 {Addison-Wesley},
  year = 	 2004
}

@preamble{"\newcommand{\SortNoop}[1]{}"}
@Book{Cerveny,
  author = {V[] {\SortNoop{Cerveny}}\v{C}erven\'{y}},
  title = {Seismic Ray Method},
  year = {2000},
  publisher = {Cambridge University Press}
}

@PHDTHESIS{forgues96,
  author = {E. Forgues},
  title  = {Inversion linearis\'ee multi-param\`etres via la th\'eorie des rais},
  school = {Institut Fran\c{c}ais du P\'etrole - University Paris VII},
  year   = {1996}
}

@inproceedings{wenyi2014fwi,
	title={FWI without low frequency data-beat tone inversion},
	author={Hu, Wenyi},
	booktitle={2014 SEG Annual Meeting},
	year={2014},
	organization={Society of Exploration Geophysicists}
}

@article{wenyi2018fwi,
	title={Retrieving Low Wavenumber Information in FWI},
	author={Hu, Wenyi and Chen, Jiefu and Liu Jianguo and Abubakar, Aria},
	journal={IEEE Signal Processing Magazine},
	volume={35},
	number={2},
	pages={132--141},
	year={2018},
	publisher={IEEE}
}

@inproceedings{szegedy2017inception,
	title={Inception-v4, inception-resnet and the impact of residual connections on learning.},
	author={Szegedy, Christian and Ioffe, Sergey and Vanhoucke, Vincent and Alemi, Alexander A},
	booktitle={AAAI},
	volume={4},
	pages={12},
	year={2017}
}

@article{ma2013wave,
	title={Wave-equation reflection traveltime inversion with dynamic warping and full-waveform inversion},
	author={Ma, Yong and Hale, Dave},
	journal={Geophysics},
	volume={78},
	number={6},
	pages={R223--R233},
	year={2013},
	publisher={Society of Exploration Geophysicists}
}

@article{baek2014velocity,
	title={Velocity estimation via registration-guided least-squares inversion},
	author={Baek, Hyoungsu and Calandra, Henri and Demanet, Laurent},
	journal={Geophysics},
	volume={79},
	number={2},
	pages={R79--R89},
	year={2014},
	publisher={Society of Exploration Geophysicists}
}

@article{warner2016adaptive,
	title={Adaptive waveform inversion: Theory},
	author={Warner, Michael and Guasch, Llu{\'\i}s},
	journal={Geophysics},
	volume={81},
	number={6},
	pages={R429--R445},
	year={2016},
	publisher={Society of Exploration Geophysicists}
}

@article{van2013mitigating,
	title={Mitigating local minima in full-waveform inversion by expanding the search space},
	author={Van Leeuwen, Tristan and Herrmann, Felix J},
	journal={Geophysical Journal International},
	volume={195},
	number={1},
	pages={661--667},
	year={2013},
	publisher={Oxford University Press}
}

@inproceedings{tang2013tomographically,
	title={Tomographically enhanced full wavefield inversion},
	author={Tang, Yaxun and Lee, Sunwoong and Baumstein, Anatoly and Hinkley, Dave and others},
	booktitle={2013 SEG Annual Meeting},
	year={2013},
	organization={Society of Exploration Geophysicists}
}

@article{alkhalifah2014scattering,
	title={Scattering-angle based filtering of the waveform inversion gradients},
	author={Alkhalifah, Tariq},
	journal={Geophysical Journal International},
	volume={200},
	number={1},
	pages={363--373},
	year={2014},
	publisher={Oxford University Press}
}

@article{li2016full,
	title={Full-waveform inversion with extrapolated low-frequency data},
	author={Li, Yunyue Elita and Demanet, Laurent},
	journal={Geophysics},
	volume={81},
	number={6},
	pages={R339--R348},
	year={2016},
	publisher={Society of Exploration Geophysicists}
}

@inproceedings{szegedy2015going,
	title={Going deeper with convolutions},
	author={Szegedy, Christian and Liu, Wei and Jia, Yangqing and Sermanet, Pierre and Reed, Scott and Anguelov, Dragomir and Erhan, Dumitru and Vanhoucke, Vincent and Rabinovich, Andrew and others},
	year={2015},
	organization={Cvpr}
}