@ARTICLE{Yang6175956, 
author={J. Yang and Z. Wang and Z. Lin and S. Cohen and T. Huang}, 
journal={IEEE Transactions on Image Processing}, 
title={Coupled Dictionary Training for Image Super-Resolution}, 
year={2012}, 
volume={21}, 
number={8}, 
pages={3467-3478},
month={8},}

@ARTICLE{Dong7115171, 
author={C. Dong and C. C. Loy and K. He and X. Tang}, 
journal={IEEE Transactions on Pattern Analysis and Machine Intelligence}, 
title={Image Super-Resolution Using Deep Convolutional Networks}, 
year={2016}, 
volume={38}, 
number={2}, 
pages={295-307}, 
month={2},}