@INPROCEEDINGS{Zeiler5539957, 
author={M. D. Zeiler and D. Krishnan and G. W. Taylor and R. Fergus}, 
booktitle={2010 IEEE Computer Society Conference on Computer Vision and Pattern Recognition}, 
title={Deconvolutional networks}, 
year={2010}, 
pages={2528-2535},
month={6},}